@incollection{Krizhevsky2012,
title = {ImageNet Classification with Deep Convolutional Neural Networks},
author = {Alex Krizhevsky and Sutskever, Ilya and Hinton, Geoffrey E},
booktitle = {Advances in Neural Information Processing Systems 25},
editor = {F. Pereira and C. J. C. Burges and L. Bottou and K. Q. Weinberger},
pages = {1097--1105},
year = {2012},
publisher = {Curran Associates, Inc.},
url = {http://papers.nips.cc/paper/4824-imagenet-classification-with-deep-convolutional-neural-networks.pdf}
}

@misc{cDiscountKaggle,
publisher = {Dataset on Kaggle},
author = {Cdiscount},
title = {Cdiscount's Image Classification Challenge},
year = {2017},
url = {https://www.kaggle.com/c/cdiscount-image-classification-challenge}
}

@inproceedings{deng2010does,
  title={What does classifying more than 10,000 image categories tell us?},
  author={Deng, Jia and Berg, Alexander C and Li, Kai and Fei-Fei, Li},
  booktitle={European conference on computer vision},
  pages={71--84},
  year={2010},
  organization={Springer}
}